<record><leader>00000cas a2200000 a 4500</leader><controlfield tag="001">45954939</controlfield><controlfield tag="008">010216d19021919oruwr ne      0    0eng c</controlfield><datafield ind1=" " ind2=" " tag="010"><subfield code="a">sn 00063698 </subfield></datafield><datafield ind1=" " ind2=" " tag="040"><subfield code="a">OCN</subfield><subfield code="b">eng</subfield><subfield code="c">OCN</subfield><subfield code="d">OCLCQ</subfield><subfield code="d">OCLCF</subfield><subfield code="d">OCLCO</subfield></datafield><datafield ind1="1" ind2=" " tag="029"><subfield code="a">AU@</subfield><subfield code="b">000022298931</subfield></datafield><datafield ind1=" " ind2=" " tag="042"><subfield code="a">pcc</subfield></datafield><datafield ind1=" " ind2=" " tag="043"><subfield code="a">n-us-or</subfield></datafield><datafield ind1="0" ind2=" " tag="130"><subfield code="a">Oregon City courier (Oregon City, Or. : 1902)</subfield></datafield><datafield ind1="1" ind2="0" tag="245"><subfield code="a">Oregon City courier.</subfield></datafield><datafield ind1=" " ind2=" " tag="260"><subfield code="a">Oregon City, Or. :</subfield><subfield code="b">J.H. Westover,</subfield><subfield code="c">1902-</subfield></datafield><datafield ind1=" " ind2=" " tag="300"><subfield code="a">v.</subfield></datafield><datafield ind1=" " ind2=" " tag="310"><subfield code="a">Weekly</subfield></datafield><datafield ind1="0" ind2=" " tag="362"><subfield code="a">20th year, no. 26 (Nov. 7, 1902)-</subfield></datafield><datafield ind1="1" ind2=" " tag="362"><subfield code="a">Ceased in 1919.</subfield></datafield><datafield ind1=" " ind2=" " tag="500"><subfield code="a">1913-1914 includes publications by "Farmers Society of Equity."</subfield></datafield><datafield ind1=" " ind2=" " tag="530"><subfield code="a">Also issued on microfilm from University of Oregon.</subfield></datafield><datafield ind1=" " ind2=" " tag="580"><subfield code="a">Merged with: Clackamas County banner, to form: Banner-courier.</subfield></datafield><datafield ind1=" " ind2=" " tag="588"><subfield code="a">Latest issue consulted: 37th year, no. 16 (July 3, 1919).</subfield></datafield><datafield ind1=" " ind2="0" tag="651"><subfield code="a">Oregon City (Or.)</subfield><subfield code="v">Newspapers.</subfield></datafield><datafield ind1=" " ind2="0" tag="651"><subfield code="a">Clackamas County (Or.)</subfield><subfield code="v">Newspapers.</subfield></datafield><datafield ind1=" " ind2="7" tag="655"><subfield code="a">Newspapers.</subfield><subfield code="2">fast</subfield><subfield code="0">(OCoLC)fst01423814</subfield></datafield><datafield ind1=" " ind2="7" tag="651"><subfield code="a">Oregon</subfield><subfield code="z">Clackamas County.</subfield><subfield code="2">fast</subfield><subfield code="0">(OCoLC)fst01218420</subfield></datafield><datafield ind1=" " ind2="7" tag="651"><subfield code="a">Oregon</subfield><subfield code="z">Oregon City.</subfield><subfield code="2">fast</subfield><subfield code="0">(OCoLC)fst01221350</subfield></datafield><datafield ind1="0" ind2="2" tag="740"><subfield code="a">Farmers equity news.</subfield></datafield><datafield ind1="0" ind2="2" tag="740"><subfield code="a">Oregon equity news.</subfield></datafield><datafield ind1=" " ind2=" " tag="752"><subfield code="a">United States</subfield><subfield code="b">Oregon</subfield><subfield code="c">Clackamas</subfield><subfield code="d">Oregon City.</subfield></datafield><datafield ind1="0" ind2="0" tag="780"><subfield code="t">Oregon City courier=herald</subfield><subfield code="w">(DLC)sn 00063697</subfield></datafield><datafield ind1="1" ind2="7" tag="785"><subfield code="t">Clackamas County banner</subfield><subfield code="w">(DLC)sn 00063693</subfield></datafield><datafield ind1="1" ind2="7" tag="785"><subfield code="t">Banner-courier</subfield><subfield code="w">(DLC)sn 00063699</subfield></datafield></record>